@article{butenko2021,
  author       = {Бутенко, Ю.И.},
  title        = {Модель учебно-научного текста для разметки корпуса научно-технических текстов},
  journal      = {Экономика. Информатика},
  year         = 2021,
  volume       = 48,
  number       = 1,
  pages        = {123--129},
  doi          = {10.52575/2687-0932-2021-48-1-123-129}
}

@article{butenko2022,
  author       = {Бутенко, Ю.И.},
  title        = {Модель текста научно-технической статьи для разметки в корпусе научно-технических текстов},
  journal      = {Вестник Новосибирского государственного университета. Серия: Информационные технологии},
  year         = 2022,
  volume       = 20,
  number       = 1,
  pages        = {5--13},
  doi          = {10.25205/1818-7900-2022-20-3-5-13}
}

@inbook{dla-book,
    bookauthor = {Bhowmik, S.},
    booktitle = {Document Layout Analysis},
    publisher = {--- Springer Singapore, 2023 --- 86 с.}
    isbn = {978-981-99-4276-3},
    language = {english},
}

@article{visual-2019,
    author = {Soto, C. and Yoo, S.},
    title = {Visual Detection with Context for Document Layout Analysis},
    journal = {Proceedings of the 2019 Conference on Empirical Methods in Natural Language Processing and the 9th International Joint Conference on Natural Language Processing (EMNLP-IJCNLP)},
    year = {2019},
    doi = {10.18653/v1/D19-1348},
    pages = {3464--3470},
}

@article{dla-survey,
    author = {Binmakhashen, G.M. and Mahmoud, S.A.},
    title = {Document Layout Analysis: A Comprehensive Survey},
    journal = {ACM Comput. Surv.},
    year = {2019},
    volume = {52},
    number = {6},
    doi = {10.1145/3355610},
}

@article{dsaa-survey,
    author = {Song, M. and Rosenfeld, A. and Kanungo, T.},
    year = {2003},
    pages = {197-207},
    title = {Document structure analysis algorithms: A literature survey},
    volume = {5010},
    journal = {Proceedings of SPIE --- The International Society for Optical Engineering},
    doi = {10.1117/12.476326}
}

@article{dia-survey,
    author = {Arlazarov, et al.},
    year = {2022},
    pages = {567-589},
    title = {Document image analysis and recognition: a survey},
    volume = {46},
    journal = {Computer Optics},
    doi = {10.18287/2412-6179-CO-1020}
}

@article{tnt,
author = {Bhowmik, et al.},
year = {2018},
title = {Text and non-text separation in offline document images: a survey},
volume = {21},
journal = {International Journal on Document Analysis and Recognition (IJDAR)},
doi = {10.1007/s10032-018-0296-z}
}

@inbook{kise,
author={Kise, K.},
bookauthor={Doermann, D. and Tombre, K.},
title={Page Segmentation Techniques in Document Analysis},
bookTitle={Handbook of Document Image Processing and Recognition},
year={2014},
publisher={--- Springer London},
pages={135--175},
isbn={978-0-85729-859-1},
doi={10.1007/978-0-85729-859-1_5},
}

@article{primer,
author = {Kasturi, R.},
year = {2002},
pages = {3-22},
title = {Document image analysis: A primer / L. O'Gorman, V. Govindaraju},
volume = {27},
journal = {Sadhana --- Academy Proceedings in Engineering Sciences},
doi = {10.1007/BF02703309}
}

@inbook{ddp,
author = {Namboodiri, A. and Jain, A.},
bookauthor={Bidyut, C.},
title = {Document Structure and Layout Analysis},
booktitle = {Digital Document Processing. Major Directions and Recent Advances},
year = {2007},
publisher={--- Springer-Verlag London},
pages = {29-48},
isbn = {978-1-84628-501-1},
doi = {10.1007/978-1-84628-726-8_2}
}

@article{butenko2022,
  author       = {Бутенко, Ю.И.},
  title        = {Модель текста научно-технической статьи для разметки в корпусе научно-технических текстов},
  journal      = {Вестник Новосибирского государственного университета. Серия: Информационные технологии},
  year         = 2022,
  volume       = 20,
  number       = 1,
  pages        = {5--13},
  doi          = {10.25205/1818-7900-2022-20-3-5-13}
}

@article{romanov2014,
  author       = {Романов, Д.А.},
  title        = {Кратко о структуре экспериментальной научной статьи на английском языке},
  journal      = {Вестник Казанского технологического университета},
  year         = 2014,
  volume       = 17,
  number       = 6,
  pages        = {325--327}
}

@article{raitskaya2019,
  author       = {Раицкая, Л.К.},
  title        = {Структура научной статьи по политологии и международным отношениям в контексте качества научной информации},
  journal      = {Полис. Политические исследования},
  year         = 2019,
  number       = 1,
  pages        = {167--181}
}

@misc{amd,
	etitle = {AMD Ryzen 7 4700U},
	url    = {\url{https://www.amd.com/en/product/9096}},
    accessed = {26.05.2025},
}

@misc{nvim,
	etitle = {Neovim --- Hyperextensible Vim-based text editor},
	url    = {\url{https://neovim.io}},
    accessed = {26.05.2025},
}

@misc{chromium,
	etitle = {Chromium --- An open-source browser project that aims to build a safer, faster, and more stable way for all Internet users to experience the web},
	url    = {\url{https://www.chromium.org/Home}},
    accessed = {26.05.2025},
}

@misc{alacritty,
	etitle = {Alacritty --- A fast, cross-platform, OpenGL terminal emulator},
	url    = {\url{https://github.com/alacritty/alacritty}},
    accessed = {26.05.2025},
}

@misc{arch,
	etitle = {Arch Linux --- A simple, lightweight distribution},
	url    = {\url{https://archlinux.org/}},
    accessed = {26.05.2025},
}

@misc{python,
	etitle = {Python --- A programming language that lets you work quickly and integrate systems more effectively},
	url    = {\url{https://www.python.org/}},
    accessed = {26.05.2025},
}

@misc{uv,
	etitle = {uv --- An extremely fast Python package and project manager, written in Rust},
	url    = {\url{https://docs.astral.sh/uv/}},
    accessed = {26.05.2025},
}

@misc{numpy,
	etitle = {NumPy --- The fundamental package for scientific computing with Python},
	url    = {\url{https://numpy.org/}},
    accessed = {26.05.2025},
}

@misc{gradio,
	etitle = {Gradio --- Build and share delightful machine learning apps},
	url    = {\url{https://www.gradio.app/}},
    accessed = {26.05.2025},
}

@misc{pymupdf,
	etitle = {PyMyPDF --- A high-performance Python library for data extraction, analysis, conversion and manipulation of PDF (and other) documents}
	url    = {\url{https://pymupdf.readthedocs.io/en/latest/index.html}},
    accessed = {26.05.2025},
}

@misc{pil,
	etitle = {Pillow --- The Python Imaging Library adds image processing capabilities to your Python interpreter},
	url    = {\url{https://pypi.org/project/pillow/}},
    accessed = {26.05.2025},
}

@misc{shiz,
      title={A Hybrid Approach for Document Layout Analysis in Document images / Stricker D., Afzal M.Z.}, 
      author={T. Shehzadi},
      year={2024},
      eprint={2404.17888},
      archivePrefix={arXiv},
      primaryClass={cs.CV},
      url={https://arxiv.org/abs/2404.17888}, 
}

% author={Lei Cui and Yiheng Xu and Tengchao Lv and Furu Wei},

@misc{cui,
      title={Document AI: Benchmarks, Models and Applications / Xu Y., Lv T., Wei F.}, 
      author={L. Cui},
      year={2021},
      eprint={2111.08609},
      archivePrefix={arXiv},
      primaryClass={cs.CL},
      url={https://arxiv.org/abs/2111.08609}, 
}

@misc{clara,
	etitle = {Clarivate Unveils Journal Citation Reports 2023 --- A Trusted Resource to Support Research Integrity and Promote Accurate Journal Evaluation},
	url    = {\url{https://clarivate.com/news/clarivate-unveils-journal-citation-reports-2023-a-trusted-resource-to-support-research-integrity-and-promote-accurate-journal-evaluation/}},
    accessed = {03.06.2025},
}
